@Article{Hestenes1992,
Author = "Hestenes, D",
Title = "Force Concept Inventory
",
Journal = "The Physics Teacher, 30, 141-158 ",
year = 1992,
}

@Misc{MT6625LN,
Author = "",
Title = "{Mediatek MT6625LN datasheet}",
Journal = "",
year =  2014,
note=" \url{https://datasheetspdf.com/pdf/960584/MediaTek/MT6625L/1}"
}

@book {Mazur97,
	title = {Peer Instruction: A User{\textquoteright}s Manual},
	series = {Series in Educational Innovation},
	year = {1997},
	pages = {253},
	publisher = {Prentice Hall},
	organization = {Prentice Hall},
	author = {Mazur, E.}
}


@Article{Millar2009,
Author = "Millar,  R.",
Title = " Analysing practical activities to assess and improve effectiveness:
The Practical Activity Analysis Inventory (PAAI)",
Journal = " Department of Educational Studies, University of York, Heslington",
year =  2009,
note ="trouvé sur \url{https://www.stem.org.uk/elibrary/resource/33677}"
}

@Article{McDaniel2011,
Author = "McDaniel and others",
Title = "est- Enhanced Learning in a Middle School Science Classroom: The Effects of Quiz Frequency and Placement.",
Journal="JJournal of Educational Psychology Vol 103 p 399-414",
year =  2011,
note="\url{https://www.semanticscholar.org/paper/Test-Enhanced-Learning-in-a- Middle-School-Science-McDaniel-Agarwal/780ee39bcd30d72dd4702eee9245f725922838d9}"
}


@Article{Marnie2020,
Author = "Marnie and others",
Title = "Examining the Impact of Multiple Practice quiz Attempts on Student Exam Performance.",
Journal="Journal of Educators Online, v17 n2",
year =  2020,
note="\url{https://files.eric.ed.gov/fulltext/EJ1268917.pdf}"
}

@phdthesis{Gibbs2000,
Author = "Gibbs",
Title = "Changing student learning behaviour outside of class. The Professional & Organizational Development Network in Higher Education",
year =  2000,
note="trouvé sur \url{https://pure.southwales.ac.uk/files/2781825/G._P._Gibbs_2006_2059670.pdf}"
}

@article{Potvin2015,
author = "Potvin, and others",
title = {Experimental evidence of the superiority of the prevalence model of conceptual change over the classical models and repetition},
journal = {Journal of Research in Science Teaching},
volume = {52},
number = {8},
pages = {1082-1108},
keywords = {conceptual change, classical models, prevalence model, traditional teaching, conceptual change, classical models, prevalence model, traditional teaching},
doi = {https://doi.org/10.1002/tea.21235},
url = {https://onlinelibrary.wiley.com/doi/abs/10.1002/tea.21235},
eprint = {https://onlinelibrary.wiley.com/doi/pdf/10.1002/tea.21235},
year = {2015}
}


%Gibbs, G. (2000) Changing student learning behaviour outside of class. The Professional & Organizational Development Network in Higher Education. 11










 




